<?xml version="1.0" encoding="UTF-8"?>
<collection><record><leader>00577cam  2200169K  4500</leader><controlfield tag="001">990221883130306576</controlfield><controlfield tag="005">20240306123909.0</controlfield><controlfield tag="008">850925m17401750ne            000|0 fre d</controlfield><datafield tag="035" ind1=" " ind2=" "><subfield code="a">(aleph)022188313UXU01</subfield></datafield><datafield tag="035" ind1=" " ind2=" "><subfield code="a">(OCoLC)12599305</subfield></datafield><datafield tag="035" ind1=" " ind2=" "><subfield code="a">(EXLNZ-01FALSC_NETWORK)9910795550806561</subfield></datafield><datafield tag="035" ind1=" " ind2=" "><subfield code="a">(01FALSC_FSU)990221883130306576</subfield></datafield><datafield tag="040" ind1=" " ind2=" "><subfield code="a">FDA</subfield><subfield code="c">FDA</subfield></datafield><datafield tag="090" ind1=" " ind2=" "><subfield code="a">PQ1791</subfield><subfield code="b">.A1 1740</subfield></datafield><datafield tag="100" ind1="1" ind2=" "><subfield code="a">Corneille, Thomas,</subfield><subfield code="d">1625-1709.</subfield></datafield><datafield tag="245" ind1="0" ind2="3"><subfield code="a">Le théâtre de T. Corneille.</subfield></datafield><datafield tag="250" ind1=" " ind2=" "><subfield code="a">Nouvelle éd.,</subfield><subfield code="b">revúe, augmentée des pieces dont l'Avis au lecteur fait mention, &amp; enrichie de taillesdouces.</subfield></datafield><datafield tag="260" ind1=" " ind2=" "><subfield code="a">Amsterdam,</subfield><subfield code="b">H. Desbordes,</subfield><subfield code="c">1740-1750.</subfield></datafield><datafield tag="300" ind1=" " ind2=" "><subfield code="a">5 v.</subfield><subfield code="b">illus.</subfield><subfield code="c">14 cm.</subfield></datafield><datafield tag="998" ind1=" " ind2=" "><subfield code="a">022188313</subfield><subfield code="9">local</subfield></datafield></record>