<record><leader>00000nam  2200277Ii 4500</leader><controlfield tag="001">990288021630306576</controlfield><controlfield tag="005">20100503135146.0</controlfield><controlfield tag="008">781002m17481749stk           000|0 lated</controlfield><datafield tag="035" ind1=" " ind2=" "><subfield code="a">(aleph)028802163UXU01</subfield></datafield><datafield tag="035" ind1=" " ind2=" "><subfield code="a">(OCoLC)04264782</subfield></datafield><datafield tag="035" ind1=" " ind2=" "><subfield code="a">(EXLNZ-01FALSC_NETWORK)9910808845506561</subfield></datafield><datafield tag="035" ind1=" " ind2=" "><subfield code="a">(01FALSC_FSU)990288021630306576</subfield></datafield><datafield tag="040" ind1=" " ind2=" "><subfield code="a">InU</subfield><subfield code="c">FDA</subfield><subfield code="d">FDA</subfield></datafield><datafield tag="090" ind1=" " ind2=" "><subfield code="a">PA6278</subfield><subfield code="b">.A2 1748</subfield></datafield><datafield tag="100" ind1="1" ind2=" "><subfield code="a">Cicero, Marcus Tullius.</subfield></datafield><datafield tag="240" ind1="1" ind2="0"><subfield code="a">Works.</subfield><subfield code="f">1749</subfield></datafield><datafield tag="245" ind1="1" ind2="0"><subfield code="a">M. Tullii Ciceronis opera quae supersunt omnia :</subfield><subfield code="b">ad fidem optimarum editionum diligenter expressa.</subfield></datafield><datafield tag="260" ind1=" " ind2=" "><subfield code="a">Glasguae :</subfield><subfield code="b">In aedibus academicis, excudebant Rob. et And. Foulis,</subfield><subfield code="c">1748-49, [v.1, 1749].</subfield></datafield><datafield tag="300" ind1=" " ind2=" "><subfield code="a">20 v. ;</subfield><subfield code="c">14 cm.</subfield></datafield><datafield tag="500" ind1=" " ind2=" "><subfield code="a">Each volume has separate title page. Only Vol. 1 has complete title page for set.</subfield><subfield code="5">FTaSU</subfield></datafield><datafield tag="500" ind1=" " ind2=" "><subfield code="a">Vol. 1 edited by G. Rosse; Vol. 2-10, 12-20 edited by J. Olivet; Vol. 11 edited by Z. Pearce.</subfield><subfield code="5">FTaSU</subfield></datafield><datafield tag="505" ind1="0" ind2=" "><subfield code="a">v. 1-3. Rhetoricorum.--v. 4-10. Orationum.--v. 11-15. Philosophicorum.-- v. 16-20. Epistolarum.</subfield><subfield code="5">FTaSU</subfield></datafield><datafield tag="700" ind1="1" ind2=" "><subfield code="a">Olivet, Pierre-Joseph Thoulier,</subfield><subfield code="c">abbé d',</subfield><subfield code="d">1682-1768.</subfield></datafield><datafield tag="700" ind1="1" ind2=" "><subfield code="a">Pearce, Zachary,</subfield><subfield code="d">1690-1774.</subfield></datafield><datafield tag="700" ind1="1" ind2=" "><subfield code="a">Rosse, George.</subfield></datafield><datafield tag="998" ind1=" " ind2=" "><subfield code="a">028802163</subfield><subfield code="9">LOCAL</subfield></datafield></record>