<record><leader>00000nam  2200181Ia 4500</leader><controlfield tag="001">990301026290306576</controlfield><controlfield tag="008">810814s1795    fr            000|0 fre d</controlfield><datafield tag="035" ind1=" " ind2=" "><subfield code="a">(aleph)030102629UXU01</subfield></datafield><datafield tag="035" ind1=" " ind2=" "><subfield code="a">(OCoLC)07669433</subfield></datafield><datafield tag="035" ind1=" " ind2=" "><subfield code="a">(EXLNZ-01FALSC_NETWORK)9910620209206561</subfield></datafield><datafield tag="035" ind1=" " ind2=" "><subfield code="a">(01FALSC_FSU)990301026290306576</subfield></datafield><datafield tag="040" ind1=" " ind2=" "><subfield code="a">FDA</subfield><subfield code="c">FDA</subfield></datafield><datafield tag="090" ind1=" " ind2=" "><subfield code="a">B2042</subfield><subfield code="b">.A2 1795</subfield></datafield><datafield tag="100" ind1="1" ind2=" "><subfield code="a">Helvétius,</subfield><subfield code="d">1715-1771.</subfield></datafield><datafield tag="245" ind1="1" ind2="0"><subfield code="a">Œuvres completes d'Helvétius.</subfield></datafield><datafield tag="260" ind1=" " ind2=" "><subfield code="a">Paris :</subfield><subfield code="b">P. Didot,</subfield><subfield code="c">1795.</subfield></datafield><datafield tag="300" ind1=" " ind2=" "><subfield code="a">14 v. in 7 ;</subfield><subfield code="c">14 cm.</subfield></datafield><datafield tag="998" ind1=" " ind2=" "><subfield code="a">030102629</subfield><subfield code="9">LOCAL</subfield></datafield></record></collection>